% bibtex file for report.tex.
% Paste citations here, and use \cite{item} in report.tex to 
% make an in-line citation to the item.

@article{shapiro_huber_2021,
  title   = {Markov chains for Computer Music Generation},
  volume  = {11},
  doi     = {10.5642/jhummath.202102.08},
  number  = {2},
  journal = {Journal of Humanistic Mathematics},
  author  = {Shapiro, Ilana and Huber, Mark},
  year    = {2021},
  month   = {Jul},
  pages   = {167--195}
} 

@article{yanchenko_2017,
  author     = {Anna K. Yanchenko and Sayan Mukherjee},
  title      = {Classical Music Composition Using State Space Models},
  journal    = {CoRR},
  volume     = {abs/1708.03822},
  year       = {2017},
  url        = {http://arxiv.org/abs/1708.03822},
  eprinttype = {arXiv},
  eprint     = {1708.03822},
  timestamp  = {Tue, 30 Apr 2019 07:19:42 +0200},
  biburl     = {https://dblp.org/rec/journals/corr/abs-1708-03822.bib},
  bibsource  = {dblp computer science bibliography, https://dblp.org}
}

@article{midi_format,
  issn      = {01489267, 15315169},
  url       = {http://www.jstor.org/stable/3679619},
  author    = {Gareth Loy},
  journal   = {Computer Music Journal},
  number    = {4},
  pages     = {8--26},
  publisher = {The MIT Press},
  title     = {Musicians Make a Standard: The MIDI Phenomenon},
  volume    = {9},
  year      = {1985}
}

@inproceedings{ozcan_2005,
  author    = {Ozcan, G. and Isikhan, C. and Alpkocak, A.},
  booktitle = {Seventh IEEE International Symposium on Multimedia (ISM'05)},
  title     = {Melody extraction on MIDI music files},
  year      = {2005},
  volume    = {},
  number    = {},
  pages     = {8 pp.-},
  doi       = {10.1109/ISM.2005.77}
}

@misc{musicxml_2022,
  author  = {MusicXML},
  title   = {MusicXML for exchanging digital sheet music},
  url     = {https://www.musicxml.com/},
  journal = {MusicXML},
  year    = {2022},
  month   = {Jan}
} 

@article{allan_2005,
  title     = {Harmonising chorales by probabilistic inference},
  author    = {Allan, Moray and Williams, Christopher KI},
  journal   = {Advances in neural information processing systems},
  volume    = {17},
  pages     = {25--32},
  year      = {2005},
  publisher = {MIT Press}
}

@article{walter_2011,
  author  = {Van Der Merwe, Andries and Schulze, Walter},
  journal = {IEEE MultiMedia},
  title   = {Music Generation with Markov Models},
  year    = {2011},
  volume  = {18},
  number  = {3},
  pages   = {78-85},
  doi     = {10.1109/MMUL.2010.44}
}

@article{conklin_2003,
  author  = {Conklin, Darrell},
  year    = {2003},
  month   = {06},
  pages   = {},
  title   = {Music Generation from Statistical Models},
  volume  = {45},
  journal = {Journal of New Music Research},
  doi     = {10.1080/09298215.2016.1173708}
}

@misc{anthemscore,
  title   = {AnthemScore},
  url     = {https://www.lunaverus.com/},
  journal = {AnthemScore - Automatic Music Transcription App}
}

@article{cataltepe_2007,
  title   = {Music genre classification using MIDI and audio features},
  volume  = {2007},
  doi     = {10.1155/2007/36409},
  number  = {1},
  journal = {EURASIP Journal on Advances in Signal Processing},
  author  = {Cataltepe, Zehra and Yaslan, Yusuf and Sonmez, Abdullah},
  year    = {2007}
}

@article{correa_jungling_small_2020,
  title   = {Quantifying the generalization capacity of Markov models for Melody Prediction},
  volume  = {549},
  doi     = {10.1016/j.physa.2020.124351},
  journal = {Physica A: Statistical Mechanics and its Applications},
  author  = {Correa, DÃ©bora C. and Jungling, Thomas and Small, Michael},
  year    = {2020},
  pages   = {124351}
}

@misc{fox_2017,
  title     = {Megalovania},
  url       = {https://www.youtube.com/watch?v=0FCvzsVlXpQ},
  journal   = {YouTube},
  publisher = {Fox, Toby},
  author    = {Fox, Toby},
  year      = {2017},
  month     = {Nov}
} 

@misc{kondo_2009,
  title     = {Super Mario Bros (NES) music - underwater theme},
  url       = {https://www.youtube.com/watch?v=zc28zcBIX7U},
  journal   = {YouTube},
  publisher = {Nintendo},
  author    = {Kondo, Koji},
  year      = {2009},
  month     = {Dec}
} 

@misc{nakatsuka_2009,
  title     = {Zelda II the adventure of Link music: Overworld theme},
  url       = {https://www.youtube.com/watch?v=KyMluaZDRik&amp;t=1s},
  journal   = {YouTube},
  publisher = {Nintendo},
  author    = {Nakatsuka, Akito},
  year      = {2009},
  month     = {Jul}
}

@article{markov_survey,
  author   = {Ames,Charles},
  year     = {1989},
  title    = {The Markov Process as a Compositional Model: A Survey and Tutorial},
  journal  = {Leonardo (Oxford)},
  volume   = {22},
  number   = {2},
  pages    = {175-187},
  keywords = {Choirs; Computer composition (Music); Markov chains; Markov models; Markov processes; Music; Music analysis; Music composition; Musical grammar; Musical register; Probabilities; Psychological aspects; Sound, Music, Science and Technology; Transition probabilities; Tutorials},
  isbn     = {0024-094X},
  language = {English}
}

@article{markov_construct,
  author   = {de Francesco Albasini,Luisa and Sabadini,Nicoletta and Walters,Robert F. C.},
  year     = {2010;2011;},
  title    = {The Compositional Construction of Markov Processes},
  journal  = {Applied categorical structures},
  volume   = {19},
  number   = {1},
  pages    = {425-437},
  keywords = {18D15; 60J10; Analysis; Article; Compact closed; Compositionality; Convex and Discrete Geometry; Frobenius algebra; Geometry; Markov process; Markov processes; Mathematical Logic and Foundations; Mathematics; Mathematics and Statistics; Probabilistic automaton; Robots; Symmetric monoidal category; Theory of Computation},
  isbn     = {0927-2852},
  language = {English}
}

@misc{vgmusic.com,
  title   = {Video Game Music Archive},
  url     = {https://www.vgmusic.com/},
  year    = {1996},
  journal = {Video game music archive - Website containing over 31,000 video game songs in MIDI format}
}

@misc{midi_instruments,
  title  = {Midi instrument converter},
  url    = {https://gist.github.com/devxpy/063968e0a2ef9b6db0bd6af8079dad2a},
  year   = {2018},
  author = {Dev Aggarwal}
}

@misc{gtzan_ai_markov,
  title  = {Midi instrument converter},
  url    = {https://gist.github.com/devxpy/063968e0a2ef9b6db0bd6af8079dad2a},
  year   = {2018},
  author = {Dev Aggarwal}
}

@inproceedings{pop_chiptunes,
  author    = {Su, Shih-Yang and Chiu, Cheng-Kai and Su, Li and Yang, Yi-Hsuan},
  booktitle = {2017 IEEE International Conference on Acoustics, Speech and Signal Processing (ICASSP)},
  title     = {Automatic conversion of Pop music into chiptunes for 8-bit pixel art},
  year      = {2017},
  volume    = {},
  number    = {},
  pages     = {411-415},
  doi       = {10.1109/ICASSP.2017.7952188}
}

@inbook{russell_norvig_2022,
  place     = {Harlow, UK},
  title     = {Chapter 14: Probabilistic Reasoning over Time},
  booktitle = {Artificial Intelligence: A modern approach},
  publisher = {Pearson},
  author    = {Russell, Stuart J. and Norvig, Peter},
  year      = {2022},
  pages     = {867-868}
}

@article{hmms,
  author   = {Grewal,Jasleen K. and Krzywinski,Martin and Altman,Naomi},
  year     = {2019},
  title    = {Markov models - hidden Markov models},
  journal  = {Nature methods},
  volume   = {16},
  number   = {9},
  pages    = {795-796},
  keywords = {Algorithms; Analysis; Data Interpretation, Statistical; Hidden Markov models; Humans; Markov Chains; Markov processes; Models, Statistical; Transition state (Chemistry); Usage},
  isbn     = {1548-7091},
  language = {English}
}

@article{drum_detection,
  author   = {Paulus,Jouni and Klapuri,Anssi},
  year     = {2009},
  title    = {Drum Sound Detection in Polyphonic Music with Hidden Markov Models},
  journal  = {EURASIP journal on audio, speech, and music processing},
  volume   = {2009},
  number   = {1},
  pages    = {497292-497292},
  isbn     = {1687-4722},
  language = {English}
}

@misc{rtttl_spec,
  title  = {RTTTL Format Specifications},
  url    = {http://merwin.bespin.org/t4a/specs/nokia_rtttl.txt},
  year   = {},
  author = {MeRWiN}
}
