% bibtex file for report.tex.
% Paste citations here, and use \cite{item} in report.tex to 
% make an in-line citation to the item.

 @article{shapiro_huber_2021, 
 	title={Markov chains for Computer Music Generation}, 
	volume={11}, 
	DOI={10.5642/jhummath.202102.08}, 
	number={2}, 
	journal={Journal of Humanistic Mathematics}, 
	author={Shapiro, Ilana and Huber, Mark}, 
	year={2021}, 
	month={Jul}, 
	pages={167--195}
} 
